@FOOTNOTE{Note1,key="Note1",note="This choice of boundaries has no spontaneous breaking of symmetry at $s\gg 0$."}
@FOOTNOTE{Note2,key="Note2",note="It is possible also to approximate dynamics at any point in the trajectory. For large times, the state evolved to time $\tau = t/2$ is however the most efficient."}
